@book{uhler2011geometry,
  title={Geometry of maximum likelihood estimation in Gaussian graphical models},
  author={Uhler, Caroline},
  year={2011},
  publisher={University of California, Berkeley}
}


@article{gross2014maximum,
  title={The maximum likelihood threshold of a graph},
  author={Gross, Elizabeth and Sullivant, Seth},
  journal={arXiv preprint arXiv:1404.6989},
  year={2014}
}

@article{blekherman2019maximum,
  title={Maximum likelihood threshold and generic completion rank of graphs},
  author={Blekherman, Grigoriy and Sinn, Rainer},
  journal={Discrete \& Computational Geometry},
  volume={61},
  pages={303--324},
  year={2019},
  publisher={Springer}
}

@article{dempster1981estimation,
  title={Estimation in covariance components models},
  author={Dempster, Arthur P and Rubin, Donald B and Tsutakawa, Robert K},
  journal={Journal of the American Statistical Association},
  volume={76},
  number={374},
  pages={341--353},
  year={1981},
  publisher={Taylor \& Francis}
}

@article{banerjee2008model,
  title={Model selection through sparse maximum likelihood estimation for multivariate Gaussian or binary data},
  author={Banerjee, Onureena and El Ghaoui, Laurent and d'Aspremont, Alexandre},
  journal={The Journal of Machine Learning Research},
  volume={9},
  pages={485--516},
  year={2008},
  publisher={JMLR. org}
}

@article{friedman2008sparse,
  title={Sparse inverse covariance estimation with the graphical lasso},
  author={Friedman, Jerome and Hastie, Trevor and Tibshirani, Robert},
  journal={Biostatistics},
  volume={9},
  number={3},
  pages={432--441},
  year={2008},
  publisher={Oxford University Press}
}

@article{gross2018maximum,
  title={The maximum likelihood threshold of a graph},
  author={Gross, Elizabeth and Sullivant, Seth},
  year={2018}
}


@article{bernstein2022computing,
  title={Computing maximum likelihood thresholds using graph rigidity},
  author={Bernstein, Daniel Irving and Dewar, Sean and Gortler, Steven J and Nixon, Anthony and Sitharam, Meera and Theran, Louis},
  journal={arXiv preprint arXiv:2210.11081},
  year={2022}
}
